[gd_scene load_steps=9 format=2]

[ext_resource path="res://Main.gd" type="Script" id=1]
[ext_resource path="res://Player.tscn" type="PackedScene" id=2]
[ext_resource path="res://HUD.tscn" type="PackedScene" id=3]
[ext_resource path="res://art/House In a Forest Loop.ogg" type="AudioStream" id=4]
[ext_resource path="res://art/gameover.wav" type="AudioStream" id=5]
[ext_resource path="res://art/44429__thecheeseman__hurt2.wav" type="AudioStream" id=6]
[ext_resource path="res://HUD.tres" type="Font" id=7]

[sub_resource type="Curve2D" id=1]
_data = {
"points": PackedVector2Array( 0, 0, 0, 0, 0, 0, 0, 0, 0, 0, 480, 0, 0, 0, 0, 0, 480, 720, 0, 0, 0, 0, 0, 720, 0, 0, 0, 0, 0, 0 )
}

[node name="Main" type="Node"]
script = ExtResource( 1 )

[node name="Player" parent="." instance=ExtResource( 2 )]
skew = 4.37114e-08

[node name="MobTimer" type="Timer" parent="."]
wait_time = 0.1
script = null

[node name="ScoreTimer" type="Timer" parent="."]
script = null

[node name="StartTimer" type="Timer" parent="."]
wait_time = 2.0
one_shot = true
script = null

[node name="StartPosition" type="Position2D" parent="."]
position = Vector2( 240, 450 )
script = null

[node name="MobPath" type="Path2D" parent="."]
curve = SubResource( 1 )
script = null

[node name="MobSpawnLocation" type="PathFollow2D" parent="MobPath"]
script = null

[node name="HUD" parent="." instance=ExtResource( 3 )]

[node name="ColorRect" type="ColorRect" parent="."]
offset_right = 480.0
offset_bottom = 720.0
color = Color( 0.27451, 0.45098, 0.392157, 1 )
script = null
__meta__ = {
"_edit_use_anchors_": false
}

[node name="Music" type="AudioStreamPlayer" parent="."]
stream = ExtResource( 4 )
volume_db = -10.0
script = null

[node name="DeathSong" type="AudioStreamPlayer" parent="."]
stream = ExtResource( 5 )
script = null

[node name="DeathSound" type="AudioStreamPlayer" parent="."]
stream = ExtResource( 6 )
volume_db = -2.0
script = null

[node name="SecretMessage" type="Label" parent="."]
offset_left = 495.0
offset_top = 238.0
offset_right = 1095.0
offset_bottom = 508.0
custom_fonts/font = ExtResource( 7 )
custom_font_sizes/font_size = 72
text = "Don't maximise 
the window,
cheater!"
align = 1
valign = 1
structured_text_bidi_override_options = [  ]
script = null
__meta__ = {
"_edit_use_anchors_": false
}

[connection signal="hit" from="Player" to="." method="game_over"]
[connection signal="timeout" from="MobTimer" to="." method="_on_MobTimer_timeout"]
[connection signal="timeout" from="ScoreTimer" to="." method="_on_ScoreTimer_timeout"]
[connection signal="timeout" from="StartTimer" to="." method="_on_StartTimer_timeout"]
[connection signal="start_game" from="HUD" to="." method="new_game"]
